@inproceedings{DBLP:conf/supercomputer/Kuhn17,
  author       = {Michael Kuhn},
  editor       = {Julian M. Kunkel and
                  Rio Yokota and
                  Michela Taufer and
                  John Shalf},
  title        = {{JULEA:} {A} Flexible Storage Framework for {HPC}},
  booktitle    = {High Performance Computing - {ISC} High Performance 2017 International
                  Workshops, DRBSD, ExaComm, HCPM, HPC-IODC, IWOPH, IXPUG, P{\^{}}3MA,
                  VHPC, Visualization at Scale, WOPSSS, Frankfurt, Germany, June 18-22,
                  2017, Revised Selected Papers},
  series       = {Lecture Notes in Computer Science},
  volume       = {10524},
  pages        = {712--723},
  publisher    = {Springer},
  year         = {2017},
  url          = {https://doi.org/10.1007/978-3-319-67630-2\_51},
  doi          = {10.1007/978-3-319-67630-2\_51},
  timestamp    = {Mon, 16 Sep 2019 15:29:34 +0200},
  biburl       = {https://dblp.org/rec/conf/supercomputer/Kuhn17.bib},
  bibsource    = {dblp computer science bibliography, https://dblp.org}
}

@article{DBLP:journals/superfri/Luttgau0DABK018,
  author       = {Jakob L{\"{u}}ttgau and
                  Michael Kuhn and
                  Kira Duwe and
                  Yevhen Alforov and
                  Eugen Betke and
                  Julian M. Kunkel and
                  Thomas Ludwig},
  title        = {Survey of Storage Systems for High-Performance Computing},
  journal      = {Supercomput. Front. Innov.},
  volume       = {5},
  number       = {1},
  pages        = {31--58},
  year         = {2018},
  url          = {https://doi.org/10.14529/jsfi180103},
  doi          = {10.14529/JSFI180103},
  timestamp    = {Sun, 06 Aug 2023 20:50:57 +0200},
  biburl       = {https://dblp.org/rec/journals/superfri/Luttgau0DABK018.bib},
  bibsource    = {dblp computer science bibliography, https://dblp.org}
}

@inproceedings{DBLP:conf/sc/TaoDBN12,
  author       = {Zhiqi Tao and
                  Andreas Dilger and
                  Eric Barton and
                  Byron Neitzel},
  title        = {A Systematic Methodology to Architecting High Performance Storage
                  Systems},
  booktitle    = {2012 {SC} Companion: High Performance Computing, Networking Storage
                  and Analysis, Salt Lake City, UT, USA, November 10-16, 2012},
  pages        = {782--786},
  publisher    = {{IEEE} Computer Society},
  year         = {2012},
  url          = {https://doi.org/10.1109/SC.Companion.2012.108},
  doi          = {10.1109/SC.COMPANION.2012.108},
  timestamp    = {Fri, 24 Mar 2023 00:04:25 +0100},
  biburl       = {https://dblp.org/rec/conf/sc/TaoDBN12.bib},
  bibsource    = {dblp computer science bibliography, https://dblp.org}
}




@misc{NODBLP:dkrz-archive-size,
	title = {{Data Archive of the German Climate Computing Center}},
	author = {DKRZ},
	howpublished = {\url{https://www.dkrz.de/en/systems/datenarchiv/datenarchiv-1-en}},
	Note  = {last accessed: 25.10.2023},
	month = {October},
	year = {2023}
}

@misc{NODBLP:openio,
    title = {{OpenIO C API}},
    howpublished = {\url{https://docs.openio.io/latest/source/sdk-guide/c_example.html}},
    Note = {last accessed: 04.02.2024}
}

@misc{NODLBP:aws,
    title = {{AWS C++ SDK}},
    howpublished = {\url{https://aws.amazon.com/sdk-for-cpp/?nc1=h_ls}},
    Note = {last accessed: 04.02.2024}
}

@misc{NODLBP:minio,
    title = {{MinIO C++ SDK}},
    howpublished = {\url{https://minio-cpp.min.io/classminio_1_1s3_1_1Client.html}},
    Note = {last accessed: 04.02.2024}
}
